%% This BibTeX bibliography file was created using BibDesk.
%% http://bibdesk.sourceforge.net/


%% Created for Jeong-Yoon Lee at 2016-02-10 19:41:37 -0500 


%% Saved with string encoding Unicode (UTF-8) 

@inproceedings{perna2013life,
  title={The life cycle of a million MOOC users},
  author={Perna, Laura and Ruby, Alan and Boruch, Robert and Wang, Nicole and Scull, Janie and Evans, Chad and Ahmad, Seher},
  booktitle={Presentation at the MOOC Research Initiative Conference},
  year={2013}
}

@url{kddcup2015_data,
	Date-Added = {2016-02-11 00:31:38 +0000},
	Date-Modified = {2016-02-11 00:35:46 +0000},
	Title = {http://kddcup2015.com/submission-data.html}}

@article{wolpert1992stacked,
  title={Stacked generalization},
  author={Wolpert, David H},
  journal={Neural networks},
  volume={5},
  number={2},
  pages={241--259},
  year={1992},
  publisher={Elsevier}
}

@article{ting1999issues,
  title={Issues in stacked generalization},
  author={Ting, Kai Ming and Witten, Ian H},
  journal={J. Artif. Intell. Res.(JAIR)},
  volume={10},
  pages={271--289},
  year={1999}
}

@article{chen2015xgboost,
  title={xgboost: eXtreme Gradient Boosting},
  author={Chen, Tianqi and He, Tong},
  journal={R package version 0.4-2},
  year={2015}
}

@article{rendle2012factorization,
  title={Factorization machines with libFM},
  author={Rendle, Steffen},
  journal={ACM Transactions on Intelligent Systems and Technology (TIST)},
  volume={3},
  number={3},
  pages={57},
  year={2012},
  publisher={ACM}
}

@article{bowman:reasoning,
	Author = {Mic Bowman and Saumya K. Debray and Larry L. Peterson},
	Journal = {ACM Trans. Program. Lang. Syst.},
	Month = {November},
	Number = {5},
	Pages = {795-825},
	Title = {Reasoning About Naming Systems},
	Volume = {15},
	Year = {1993}}

@article{braams:babel,
	Author = {Johannes Braams},
	Journal = {TUGboat},
	Month = {June},
	Number = {2},
	Pages = {291-301},
	Title = {Babel, a Multilingual Style-Option System for Use with LaTeX's Standard Document Styles},
	Volume = {12},
	Year = {1991}}

@inproceedings{clark:pct,
	Author = {Malcolm Clark},
	Booktitle = {TeX90 Conference Proceedings},
	Month = {March},
	Organization = {TeX Users Group},
	Pages = {84-89},
	Title = {Post Congress Tristesse},
	Year = {1991}}

@article{herlihy:methodology,
	Author = {Maurice Herlihy},
	Journal = {ACM Trans. Program. Lang. Syst.},
	Month = {November},
	Number = {5},
	Pages = {745-770},
	Title = {A Methodology for Implementing Highly Concurrent Data Objects},
	Volume = {15},
	Year = {1993}}

@book{Lamport:LaTeX,
	Address = {Reading, Massachusetts},
	Author = {Leslie Lamport},
	Publisher = {Addison-Wesley Publishing Company},
	Title = {LaTeX User's Guide and Document Reference Manual},
	Year = {1986}}

@book{salas:calculus,
	Address = {New York},
	Author = {S.L. Salas and Einar Hille},
	Publisher = {John Wiley and Sons},
	Title = {Calculus: One and Several Variable},
	Year = {1978}}
